@inproceedings{feng2020codebert,
    title = {CodeBERT: A Pre-Trained Model for Programming and Natural Languages
             },
    author = {Zhangyin Feng and Daya Guo and Duyu Tang and Nan Duan and
              Xiaocheng Feng and Ming Gong and Linjun Shou and Bing Qin and Ting
              Liu and Daxin Jiang and Ming Zhou},
    booktitle = {Findings of the Association for Computational Linguistics:
                 EMNLP 2020},
    pages = {1536--1547},
    year = {2020},
    publisher = {Association for Computational Linguistics},
}

@inproceedings{wang2021codet5,
    title = {CodeT5: Identifier-aware Unified Pre-trained Encoder-Decoder Models
             for Code Understanding and Generation},
    author = {Yue Wang and Weishi Wang and Shafiq Joty and Steven C.H. Hoi},
    booktitle = {Proceedings of the 2021 Conference on Empirical Methods in
                 Natural Language Processing},
    pages = {8696--8708},
    year = {2021},
    publisher = {Association for Computational Linguistics},
}

@inproceedings{guo2021graphcodebert,
    title = {GraphCodeBERT: Pre-training Code Representations with Data Flow},
    author = {Daya Guo and Shuo Ren and Shuai Lu and Zhangyin Feng and Duyu Tang
              and Shujie Liu and Long Zhou and Nan Duan and Alexey Svyatkovskiy
              and Shengyu Fu and Michele Tufano and Shao Kun Deng and Colin
              Clement and Dawn Drain and Neel Sundaresan and Jian Yin and Daxin
              Jiang and Ming Zhou},
    booktitle = {International Conference on Learning Representations},
    year = {2021},
}

@article{leevy2023optimal,
    author = {Leevy, Joffrey and Johnson, Justin and Hancock, John and
              Khoshgoftaar, Taghi},
    year = {2023},
    month = {05},
    pages = {},
    title = {Threshold optimization and random undersampling for imbalanced
             credit card data},
    volume = {10},
    journal = {Journal of Big Data},
    doi = {10.1186/s40537-023-00738-z},
}

@misc{risse2025top,
    title = {Top Score on the Wrong Exam: On Benchmarking in Machine Learning
             for Vulnerability Detection},
    author = {Niklas Risse and Jing Liu and Marcel Böhme},
    year = {2025},
    eprint = {2408.12986},
    archivePrefix = {arXiv},
    primaryClass = {cs.CR},
    url = {https://arxiv.org/abs/2408.12986},
}
@misc{codecse2024,
    title = {CodeCSE: A Simple Multilingual Model for Code and Comment Sentence
             Embeddings},
    author = {Anthony Varkey and Siyuan Jiang and Weijing Huang},
    year = {2024},
    eprint = {2407.06360},
    archivePrefix = {arXiv},
    primaryClass = {cs.SE},
    url = {https://arxiv.org/abs/2407.06360},
}

@article{he2025imbalance,
    title = {On the value of imbalance loss functions in enhancing deep
             learning-based vulnerability detection},
    journal = {Expert Systems with Applications},
    volume = {291},
    pages = {128504},
    year = {2025},
    issn = {0957-4174},
    doi = {https://doi.org/10.1016/j.eswa.2025.128504},
    url = {https://www.sciencedirect.com/science/article/pii/S0957417425021232},
    author = {Xiaoxue Ma and Yanzhong He and Jacky Keung and Cheng Tan and
              Chuanxiang Ma and Wenhua Hu and Fuyang Li},
    keywords = {Vulnerability detection, Deep learning, Imbalance loss functions
                , Empirical study},
}

@article{ghost2021,
    author = {Esposito, Carmen and Landrum, Gregory A. and Schneider, Nadine and
              Stiefl, Nikolaus and Riniker, Sereina},
    title = {GHOST: Adjusting the Decision Threshold to Handle Imbalanced Data
             in Machine Learning},
    journal = {Journal of Chemical Information and Modeling},
    volume = {61},
    number = {6},
    pages = {2623-2640},
    year = {2021},
    doi = {10.1021/acs.jcim.1c00160},
    note = {PMID: 34100609},
    URL = { https://doi.org/10.1021/acs.jcim.1c00160 },
}

@article{lu2021codexglue,
    author = {Shuai Lu and Daya Guo and Shuo Ren and Junjie Huang and Alexey
              Svyatkovskiy and Ambrosio Blanco and Colin B. Clement and Dawn
              Drain and Daxin Jiang and Duyu Tang and Ge Li and Lidong Zhou and
              Linjun Shou and Long Zhou and Michele Tufano and Ming Gong and Ming
              Zhou and Nan Duan and Neel Sundaresan and Shao Kun Deng and Shengyu
              Fu and Shujie Liu},
    title = {{CodeXGLUE}: {A} Machine Learning Benchmark Dataset for Code
             Understanding and Generation},
    journal = {CoRR},
    volume = {abs/2102.04664},
    year = {2021},
    url = {https://arxiv.org/abs/2102.04664},
    eprinttype = {arXiv},
    eprint = {2102.04664},
    timestamp = {Thu, 19 Dec 2024 22:07:32 +0100},
    biburl = {https://dblp.org/rec/journals/corr/abs-2102-04664.bib},
    bibsource = {dblp computer science bibliography, https://dblp.org},
}
@misc{vulnllmeval2024,
    title = {{VulnLLMEval}: A Framework for Evaluating Large Language Models in
             Software Vulnerability Detection and Patching},
    author = {Arastoo Zibaeirad and Marco Vieira},
    year = {2024},
    eprint = {2409.10756},
    archivePrefix = {arXiv},
    primaryClass = {cs.SE},
    url = {https://arxiv.org/abs/2409.10756},
}
@misc{castle2025,
    title = {{CASTLE}: Benchmarking Dataset for Static Code Analyzers and {LLMs}
             towards CWE Detection},
    author = {Richard A. Dubniczky and Krisztofer Zoltán Horvát and Tamás
              Bisztray and Mohamed Amine Ferrag and Lucas C. Cordeiro and Norbert
              Tihanyi},
    year = {2025},
    eprint = {2503.09433},
    archivePrefix = {arXiv},
    primaryClass = {cs.CR},
    url = {https://arxiv.org/abs/2503.09433},
}
@misc{ullah2024vulnerability,
    title = {{LLMs} Cannot Reliably Identify and Reason About Security
             Vulnerabilities (Yet?): A Comprehensive Evaluation, Framework, and
             Benchmarks},
    author = {Saad Ullah and Mingji Han and Saurabh Pujar and Hammond Pearce and
              Ayse Coskun and Gianluca Stringhini},
    year = {2024},
    eprint = {2312.12575},
    archivePrefix = {arXiv},
    primaryClass = {cs.CR},
    url = {https://arxiv.org/abs/2312.12575},
}
@misc{antunes2010benchmarking,
    author = {Antunes, Nuno and Vieira, Marco},
    year = {2010},
    month = {08},
    pages = {203 - 210},
    title = {Benchmarking Vulnerability Detection Tools for Web Services},
    doi = {10.1109/ICWS.2010.76},
}
@article{zhang2021evaluating,
    title = {Evaluating and comparing memory error vulnerability detectors},
    journal = {Information and Software Technology},
    volume = {137},
    pages = {106614},
    year = {2021},
    issn = {0950-5849},
    doi = {https://doi.org/10.1016/j.infsof.2021.106614},
    url = {https://www.sciencedirect.com/science/article/pii/S0950584921000896},
    author = {Yu Nong and Haipeng Cai and Pengfei Ye and Li Li and Feng Chen},
    keywords = {Memory error vulnerability, Vulnerability detection, Open-source
                tools, Code analysis, Empirical evaluation, Comparative study,
                Benchmark selection},
}

@article{systematic2024survey,
    author = {Shiri Harzevili, Nima and Boaye Belle, Alvine and Wang, Junjie and
              Wang, Song and Jiang, Zhen Ming (Jack) and Nagappan, Nachiappan},
    title = {A Systematic Literature Review on Automated Software Vulnerability
             Detection Using Machine Learning},
    year = {2024},
    issue_date = {March 2025},
    publisher = {Association for Computing Machinery},
    address = {New York, NY, USA},
    volume = {57},
    number = {3},
    issn = {0360-0300},
    url = {https://doi.org/10.1145/3699711},
    doi = {10.1145/3699711},
    journal = {ACM Comput. Surv.},
    month = nov,
    articleno = {55},
    numpages = {36},
    keywords = {Source code, software security, software vulnerability detection
                , software bug detection, machine learning, deep learning},
}

@inproceedings{lin2020deep,
    author = {Lin, Guanjun and Xiao, Wei and Zhang, Jun and Xiang, Yang},
    title = {Deep Learning-Based Vulnerable Function Detection: A Benchmark},
    year = {2019},
    isbn = {978-3-030-41578-5},
    publisher = {Springer-Verlag},
    address = {Berlin, Heidelberg},
    url = {https://doi.org/10.1007/978-3-030-41579-2_13},
    doi = {10.1007/978-3-030-41579-2_13},
    booktitle = {Information and Communications Security: 21st International
                 Conference, ICICS 2019, Beijing, China, December 15–17, 2019,
                 Revised Selected Papers},
    pages = {219–232},
    numpages = {14},
    keywords = {Vulnerability detection, Neural network, Function-level
                detection},
    location = {Beijing, China},
}
@article{song2020deepsemanticfeature,
    author = {Wang, Song and Liu, Taiyue and Nam, Jaechang and Tan, Lin},
    journal = {{IEEE} Transactions on Software Engineering},
    title = {Deep Semantic Feature Learning for Software Defect Prediction},
    year = {2020},
    volume = {46},
    number = {12},
    pages = {1267-1293},
    keywords = {Semantics;Predictive models;Feature extraction;Quality
                assurance;Computer bugs;Data models;Prediction models;Defect
                prediction;quality assurance;deep learning;semantic features},
    doi = {10.1109/TSE.2018.2877612},
}
@misc{ding2024vulnerability,
    title = {Vulnerability Detection with Code Language Models: How Far Are We?},
    author = {Yangruibo Ding and Yanjun Fu and Omniyyah Ibrahim and Chawin
              Sitawarin and Xinyun Chen and Basel Alomair and David Wagner and
              Baishakhi Ray and Yizheng Chen},
    year = {2024},
    eprint = {2403.18624},
    archivePrefix = {arXiv},
    primaryClass = {cs.SE},
    url = {https://arxiv.org/abs/2403.18624},
}

@inproceedings{chen2023diversevul,
    author = {Chen, Yizheng and Ding, Zhoujie and Alowain, Lamya and Chen,
              Xinyun and Wagner, David},
    title = {DiverseVul: A New Vulnerable Source Code Dataset for Deep Learning
             Based Vulnerability Detection},
    year = {2023},
    isbn = {9798400707650},
    publisher = {Association for Computing Machinery},
    address = {New York, NY, USA},
    url = {https://doi.org/10.1145/3607199.3607242},
    doi = {10.1145/3607199.3607242},
    booktitle = {Proceedings of the 26th International Symposium on Research in
                 Attacks, Intrusions and Defenses},
    pages = {654–668},
    numpages = {15},
    keywords = {datasets, deep learning, large language models, vulnerability
                detection},
    location = {Hong Kong, China},
    series = {RAID '23},
}
 @misc{juliet2022,
    title = {Juliet Test Suite for {C/C++} Version 1.3.1 with Extra Support},
    author = {{NIST}},
    year = {2022},
    howpublished = {\url{https://samate.nist.gov/SARD/test-suites/116}},
    note = {Software Assurance Reference Dataset (SARD)},
    institution = {National Institute of Standards and Technology},
}
